@article{offpath,
      author="Zhiyun Qian, Z. Morley Mao",
      title="Off-Path TCP Sequence Number Inference Attack",
      journal="IEEE Symposium on Security and Privacy",
      year="2012"
}

% if no author, must put key... I am not sure what it does...
@misc{netfilter,
        title = "netfilter",
        key={netfilter},
        author = "",
        howpublished = {\url{http://www.netfilter.org}},
        note = {Accessed: 11/27/2012}
}

@misc{netfilterQueue,
        title = "libnetfilter\_queue",
        author="Harald Welte",
        howpublished = {\url{http://www.netfilter.org/projects/libnetfilter_queue/index.html}},
        note = {Accessed: 11/27/2012}
}

@misc{sslstrip,
        title = "sslstrip",
        author = "Moxie Marlinspike",
        howpublished = {\url{http://www.thoughtcrime.org/software/sslstrip/}},
        note = {Accessed: 12/1/2012}
}
